<record><leader>00000cas a22000007a 4500</leader><controlfield tag="001">19334566</controlfield><controlfield tag="008">890309d18881889ohu x ne      0   a0eng d</controlfield><datafield ind1=" " ind2=" " tag="010"><subfield code="a">sn 91069136 </subfield></datafield><datafield ind1=" " ind2=" " tag="040"><subfield code="a">OBE</subfield><subfield code="b">eng</subfield><subfield code="c">OBE</subfield><subfield code="d">ONP</subfield><subfield code="d">OCLCQ</subfield></datafield><datafield ind1=" " ind2=" " tag="043"><subfield code="a">n-us-oh</subfield></datafield><datafield ind1=" " ind2=" " tag="092"><subfield code="a">977.123</subfield><subfield code="b">Ob2C769</subfield></datafield><datafield ind1="0" ind2=" " tag="130"><subfield code="a">Conveyancer (Oberlin, Ohio)</subfield></datafield><datafield ind1="1" ind2="4" tag="245"><subfield code="a">The Conveyancer.</subfield></datafield><datafield ind1=" " ind2=" " tag="260"><subfield code="a">Oberlin, Ohio :</subfield><subfield code="b">Rowley &amp; Mains,</subfield><subfield code="c">1888-1889.</subfield></datafield><datafield ind1=" " ind2=" " tag="300"><subfield code="a">v.</subfield></datafield><datafield ind1=" " ind2=" " tag="310"><subfield code="a">Irregular</subfield></datafield><datafield ind1="0" ind2=" " tag="362"><subfield code="a">Vol. 1, no. 1 (Sept. 1888)-v. 1, no. 3 (Mar. 1889).</subfield></datafield><datafield ind1=" " ind2=" " tag="500"><subfield code="a">"Published in the interest of persons in our community who wish to sell or purchase real estate."</subfield></datafield><datafield ind1=" " ind2="0" tag="650"><subfield code="a">Real property</subfield><subfield code="z">Ohio</subfield><subfield code="z">Oberlin</subfield><subfield code="v">Newspapers.</subfield></datafield><datafield ind1=" " ind2="0" tag="650"><subfield code="a">Real estate business</subfield><subfield code="z">Ohio</subfield><subfield code="z">Oberlin</subfield><subfield code="v">Newspapers.</subfield></datafield><datafield ind1=" " ind2=" " tag="752"><subfield code="a">United States</subfield><subfield code="b">Ohio</subfield><subfield code="c">Lorain</subfield><subfield code="d">Oberlin.</subfield></datafield></record>